<record><leader>00000cas a2200000 a 4500</leader><controlfield tag="001">10197371</controlfield><controlfield tag="008">831207d18721875msudn ne      0    0eng  </controlfield><datafield ind1=" " ind2=" " tag="010"><subfield code="a">sn 83016877 </subfield></datafield><datafield ind1=" " ind2=" " tag="040"><subfield code="a">DLC</subfield><subfield code="b">eng</subfield><subfield code="c">DLC</subfield><subfield code="d">NPU</subfield><subfield code="d">NPA</subfield><subfield code="d">MSJ</subfield><subfield code="d">LNP</subfield><subfield code="d">FUG</subfield><subfield code="d">OCLCQ</subfield><subfield code="d">DLC</subfield><subfield code="d">CUI</subfield><subfield code="d">OCLCQ</subfield><subfield code="d">OCLCF</subfield></datafield><datafield ind1="1" ind2=" " tag="029"><subfield code="a">AU@</subfield><subfield code="b">000023525252</subfield></datafield><datafield ind1=" " ind2=" " tag="042"><subfield code="a">pcc</subfield></datafield><datafield ind1=" " ind2=" " tag="043"><subfield code="a">n-us-ms</subfield></datafield><datafield ind1="0" ind2="0" tag="050"><subfield code="a">Newspaper</subfield></datafield><datafield ind1=" " ind2="4" tag="050"><subfield code="a">AN</subfield></datafield><datafield ind1="0" ind2=" " tag="130"><subfield code="a">Natchez daily Democrat and courier (Natchez, Miss. : 1872)</subfield></datafield><datafield ind1="1" ind2="4" tag="245"><subfield code="a">The Natchez daily Democrat and courier.</subfield></datafield><datafield ind1=" " ind2=" " tag="260"><subfield code="a">Natchez, Miss. :</subfield><subfield code="b">Botto &amp; Lambert,</subfield><subfield code="c">-1875.</subfield></datafield><datafield ind1=" " ind2=" " tag="300"><subfield code="a">3 v. :</subfield><subfield code="b">ill. (chiefly advertisements) ;</subfield><subfield code="c">56 cm.</subfield></datafield><datafield ind1=" " ind2=" " tag="310"><subfield code="a">Daily (except Monday)</subfield></datafield><datafield ind1="0" ind2=" " tag="362"><subfield code="a">-n.s., v. 3, no. 185 (July 7, 1875).</subfield></datafield><datafield ind1="1" ind2=" " tag="362"><subfield code="a">Began in 1872?</subfield><subfield code="z">Cf. Gregory, W. Amer. newspapers, 1937.</subfield></datafield><datafield ind1=" " ind2=" " tag="500"><subfield code="a">"Democratic." Cf. Rowell, 1872.</subfield></datafield><datafield ind1=" " ind2=" " tag="530"><subfield code="a">Also issued on microfilm from the Library of Congress, Photoduplication Service.</subfield></datafield><datafield ind1=" " ind2=" " tag="588"><subfield code="a">Description based on: New ser., v. 1, no. 47 (Jan. 26, 1873).</subfield></datafield><datafield ind1=" " ind2="0" tag="651"><subfield code="a">Natchez (Miss.)</subfield><subfield code="v">Newspapers.</subfield></datafield><datafield ind1=" " ind2="0" tag="651"><subfield code="a">Adams County (Miss.)</subfield><subfield code="v">Newspapers.</subfield></datafield><datafield ind1=" " ind2="7" tag="655"><subfield code="a">Newspapers.</subfield><subfield code="2">fast</subfield><subfield code="0">(OCoLC)fst01423814</subfield></datafield><datafield ind1=" " ind2="7" tag="651"><subfield code="a">Mississippi</subfield><subfield code="z">Adams County.</subfield><subfield code="2">fast</subfield><subfield code="0">(OCoLC)fst01214708</subfield></datafield><datafield ind1=" " ind2="7" tag="651"><subfield code="a">Mississippi</subfield><subfield code="z">Natchez.</subfield><subfield code="2">fast</subfield><subfield code="0">(OCoLC)fst01204961</subfield></datafield><datafield ind1=" " ind2=" " tag="752"><subfield code="a">United States</subfield><subfield code="b">Mississippi</subfield><subfield code="c">Adams</subfield><subfield code="d">Natchez.</subfield></datafield><datafield ind1="0" ind2="8" tag="776"><subfield code="i">Online version:</subfield><subfield code="t">Natchez daily Democrat and courier (Natchez, Miss. : 1872 : Online)</subfield><subfield code="w">(OCoLC)659542271</subfield></datafield><datafield ind1="0" ind2="4" tag="780"><subfield code="t">Natchez Democrat (Natchez, Miss. : 1865)</subfield><subfield code="w">(DLC)sn 83016878</subfield><subfield code="w">(OCoLC)10197554</subfield></datafield><datafield ind1="0" ind2="4" tag="780"><subfield code="t">Natchez daily courier (Natchez, Miss. : 1865)</subfield><subfield code="w">(DLC)sn 88067209</subfield><subfield code="w">(OCoLC)18673844</subfield></datafield><datafield ind1="0" ind2="0" tag="785"><subfield code="t">Natchez daily Democrat</subfield><subfield code="w">(DLC)sn 84020280</subfield><subfield code="w">(OCoLC)10550175</subfield></datafield></record>